<?xml version="1.0" encoding="UTF-8"?><collection xmlns="http://www.loc.gov/MARC21/slim"><record><leader>00395nam--2200157-i-4500</leader><controlfield tag="001">000012796</controlfield><controlfield tag="002">20161230</controlfield><controlfield tag="005">20170125171213</controlfield><controlfield tag="008">060222s1000------------r-----000-0-eng-d</controlfield><datafield ind1=" " ind2=" " tag="080"><subfield code="a">543.42. 621.375.826</subfield></datafield><datafield ind1=" " ind2=" " tag="100"><subfield code="a">Corney, Alan</subfield></datafield><datafield ind1=" " ind2=" " tag="245"><subfield code="a">Atomic and laser spectroscopy</subfield></datafield><datafield ind1=" " ind2=" " tag="260"><subfield code="a">Oxford</subfield><subfield code="b">Clarendon Press</subfield><subfield code="c">1977</subfield></datafield><datafield ind1=" " ind2=" " tag="300"><subfield code="a">XVII + 763 p</subfield></datafield><datafield ind1=" " ind2=" " tag="852"><subfield code="a">46484</subfield></datafield><datafield ind1=" " ind2=" " tag="CAT"><subfield code="a">SYS</subfield><subfield code="c">20170125</subfield><subfield code="h">171213</subfield></datafield></record></collection>